% Use this file for citations not found in the ACL Anthology (contained in "anthology.bib").
@misc{assignment-github,
  author       = {Graham Neubig},
  url = {'https://github.com/neubig/nlp-from-scratch-assignment-spring2024/'},
  howpublished = {github repository},
  title        = {nlp-from-scratch-assignment-spring2024},
  year         = {2024}
}

@misc{lang-chain,
  author       = {Lang Chain Docs},
  url = {'https://python.langchain.com/docs/use_cases/question_answering/local_retrieval_qa'},
  howpublished = {LangChain},
}

@misc{contextual-compression,
  author       = {Lang Chain Contextual Compression},
  url = {'https://python.langchain.com/docs/modules/data_connection/retrievers/contextual_compression/'},
}

@misc(llm_chain_filter,
  author       = {Lang Chain Docs},
  url = {'https://python.langchain.com/docs/modules/data_connection/retrievers/contextual_compression/#llmchainfilter'},
  howpublished = {LangChain},
  title        = {Local Retrieval QA},
  year         = {2024}
)

@misc(embeddings_filter,
  author       = {Lang Chain Docs},
  url = {'https://python.langchain.com/docs/modules/data_connection/retrievers/contextual_compression/#embeddingsfilter'},
  howpublished = {LangChain},
  title        = {Local Retrieval QA},
  year         = {2024}
)


